<?xml version="1.0" encoding="UTF-8"?>
<collection xmlns:xsi="http://www.w3.org/2001/XMLSchema-instance" xsi:schemaLocation="http://www.loc.gov/MARC21/slim http://www.loc.gov/standards/marcxml/schema/MARC21slim.xsd" xmlns="http://www.loc.gov/MARC21/slim">
<record>
  <leader>01712cam a2200349 a 4500</leader>
  <controlfield tag="001">4872258</controlfield>
  <controlfield tag="003">NNC</controlfield>
  <controlfield tag="005">20140127004951.0</controlfield>
  <controlfield tag="008">010508q19801989ir       b    000 0 arar </controlfield>
  <datafield tag="010" ind1=" " ind2=" ">
    <subfield code="a">  85930391/ne/r92</subfield>
  </datafield>
  <datafield tag="035" ind1=" " ind2=" ">
    <subfield code="a">(OCoLC)417026592</subfield>
  </datafield>
  <datafield tag="035" ind1=" " ind2=" ">
    <subfield code="a">(OCoLC)ocn417026592</subfield>
  </datafield>
  <datafield tag="035" ind1=" " ind2=" ">
    <subfield code="a">(NNC)4872258</subfield>
  </datafield>
  <datafield tag="040" ind1=" " ind2=" ">
    <subfield code="a">DLC</subfield>
    <subfield code="c">DLC</subfield>
    <subfield code="d">MH</subfield>
    <subfield code="d">CStRLIN</subfield>
    <subfield code="d">UkLSOA</subfield>
  </datafield>
  <datafield tag="041" ind1="0" ind2=" ">
    <subfield code="a">araper</subfield>
  </datafield>
  <datafield tag="066" ind1=" " ind2=" ">
    <subfield code="c">(3</subfield>
    <subfield code="c">(4</subfield>
  </datafield>
  <datafield tag="100" ind1="1" ind2=" ">
    <subfield code="6">880-01</subfield>
    <subfield code="a">Kulaynī, Muḥammad ibn Yaʻqūb,</subfield>
    <subfield code="d">-941?</subfield>
  </datafield>
  <datafield tag="240" ind1="1" ind2="0">
    <subfield code="6">880-02</subfield>
    <subfield code="a">Kāfī.</subfield>
    <subfield code="k">Selections.</subfield>
    <subfield code="l">Persian &amp; Arabic</subfield>
  </datafield>
  <datafield tag="245" ind1="1" ind2="0">
    <subfield code="6">880-03</subfield>
    <subfield code="a">Uṣūl-i Kāfī /</subfield>
    <subfield code="c">taʾlīf-i Abī Jaʻfar Muḥammad ibn Yaʻqūb ibn Iṣhāq al-Kulaynī al-Rāzī ; bā tarjamah va sharḥ bi-qalam-i Javād Muṣṭafavī.</subfield>
  </datafield>
  <datafield tag="260" ind1=" " ind2=" ">
    <subfield code="6">880-04</subfield>
    <subfield code="a">Tihrān :</subfield>
    <subfield code="b">Kitābfūrūshī-yi ʻIlmīyah Islāmīyah,</subfield>
    <subfield code="c">[198-?].</subfield>
  </datafield>
  <datafield tag="300" ind1=" " ind2=" ">
    <subfield code="a">4 v. in 2. ;</subfield>
    <subfield code="c">25 cm.</subfield>
  </datafield>
  <datafield tag="500" ind1=" " ind2=" ">
    <subfield code="a">Text in Arabic; commentary and translation in Persian.</subfield>
  </datafield>
  <datafield tag="500" ind1=" " ind2=" ">
    <subfield code="a">Vol. 4, commentary and translation by Hāshim Rasūlī Maḥallātī.</subfield>
  </datafield>
  <datafield tag="650" ind1=" " ind2="0">
    <subfield code="a">Hadith (Shiites)</subfield>
    <subfield code="v">Texts.</subfield>
  </datafield>
  <datafield tag="700" ind1="1" ind2=" ">
    <subfield code="6">880-05</subfield>
    <subfield code="a">Muṣṭafavī, Javād.</subfield>
  </datafield>
  <datafield tag="700" ind1="1" ind2=" ">
    <subfield code="6">880-06</subfield>
    <subfield code="a">Rasūlī Maḥallātī, Hāshim.</subfield>
  </datafield>
  <datafield tag="880" ind1="1" ind2=" ">
    <subfield code="6">100-01/(3/r</subfield>
    <subfield code="a">كلينى، محمد بن يعقوب ,</subfield>
    <subfield code="d">-941?.</subfield>
  </datafield>
  <datafield tag="880" ind1="1" ind2="0">
    <subfield code="6">240-02/(3/r</subfield>
    <subfield code="a">كافى، فارسى و عربى .</subfield>
    <subfield code="k">برگزيده ها.</subfield>
  </datafield>
  <datafield tag="880" ind1="1" ind2="0">
    <subfield code="6">245-03/(3/r</subfield>
    <subfield code="a">اصول كافى /</subfield>
    <subfield code="c">تاليف ابى جعفر محمد بن يعقوب بن اسحاق كلينى الرازى ؛با ترجمه و شرح بقلم جواد مصطفوى.</subfield>
  </datafield>
  <datafield tag="880" ind1=" " ind2=" ">
    <subfield code="6">260-04/(3/r</subfield>
    <subfield code="a">تهران :</subfield>
    <subfield code="b">اسلاميه،</subfield>
    <subfield code="c">بى تا.</subfield>
  </datafield>
  <datafield tag="880" ind1="1" ind2=" ">
    <subfield code="6">700-05/(3/r</subfield>
    <subfield code="a">مصطفوى، جواد.</subfield>
  </datafield>
  <datafield tag="880" ind1="1" ind2=" ">
    <subfield code="6">700-06/(3/r</subfield>
    <subfield code="a">رسولى محلاتى، هاشم.</subfield>
  </datafield>
  <datafield tag="955" ind1=" " ind2=" ">
    <subfield code="b">CU11015578</subfield>
    <subfield code="d">off,glx</subfield>
    <subfield code="e">BP193.25 .K84216 1980z</subfield>
    <subfield code="v">v.3/4</subfield>
  </datafield>
</record>
</collection>